<?xml version="1.0" encoding="UTF-8"?><collection xmlns="http://www.loc.gov/MARC21/slim"><record><leader>00457nam--2200181-u-4500</leader><controlfield tag="001">000055830</controlfield><controlfield tag="002">20161230</controlfield><controlfield tag="005">20161230201052</controlfield><controlfield tag="008">130808s1000------------r-----000-0-rum-d</controlfield><datafield ind1=" " ind2=" " tag="040"><subfield code="a">IFIN-HH</subfield></datafield><datafield ind1=" " ind2=" " tag="041"><subfield code="a">rum</subfield></datafield><datafield ind1=" " ind2=" " tag="080"><subfield code="a">519.852.3</subfield></datafield><datafield ind1="1" ind2=" " tag="100"><subfield code="a">Marusciac, Ioan</subfield></datafield><datafield ind1="1" ind2="0" tag="245"><subfield code="a">Programare geometrica si aplicatii</subfield><subfield code="c">Ioan marusciac</subfield></datafield><datafield ind1=" " ind2=" " tag="260"><subfield code="a">Cluj-napoca</subfield><subfield code="b">Editura Dacia</subfield><subfield code="c">1978</subfield></datafield><datafield ind1=" " ind2=" " tag="300"><subfield code="a">384P</subfield></datafield><datafield ind1=" " ind2=" " tag="852"><subfield code="a">46073</subfield><subfield code="c">519.283</subfield></datafield><datafield ind1=" " ind2=" " tag="CAT"><subfield code="a">Sys</subfield><subfield code="c">20130808</subfield><subfield code="h">112453</subfield></datafield></record></collection>